@misc{scientificdiscovery,
  author = {Jutta Schickore},
  title = {Scientific Discovery},
  year = 2018,
  howpublished = {\url{https://plato.stanford.edu/entries/scientific-discovery/}},
  note = {Accessed: 2022-09-24}
}

@misc{confirmation,
  author = {Vincenzo Crupi},
  title = {Confirmation},
  year = 2020,
  howpublished = {\url{https://plato.stanford.edu/entries/confirmation/}},
  note = {Accessed: 2022-09-24}
}

@misc{analogy,
  author = {Paul Bartha},
  title = {Analogy and Analogical Reasoning},
  year = 2019,
  howpublished = {\url{https://plato.stanford.edu/entries/reasoning-analogy/}},
  note = {Accessed: 2022-09-28}
}

@article{simon1973does,
  title={Does scientific discovery have a logic?},
  author={Simon, Herbert A},
  journal={Philosophy of science},
  volume={40},
  number={4},
  pages={471--480},
  year={1973},
  publisher={Cambridge University Press}
}

@article{simon1981scientific,
  title={Scientific discovery as problem solving},
  author={Simon, Herbert Alexander and Langley, Pat and Bradshaw, Gary L},
  year={1981},
  publisher={Synthese},
  volume={47},
  pages={1--28}
}

@book{bechtel1993discovering,
  title={Discovering complexity: Decomposition and localization as strategies in scientific research},
  author={Bechtel, William and Richardson, Robert C},
  year={1993},
  publisher={MIT press}
}

@book{kuhn1970structure,
  title={The structure of scientific revolutions},
  author={Kuhn, Thomas S},
  volume={111},
  year={1970},
  publisher={Chicago University of Chicago Press}
}

@book{lakatos1980methodology,
  title={The methodology of scientific research programmes: Volume 1: Philosophical papers},
  author={Lakatos, Imre},
  volume={1},
  year={1980},
  publisher={Cambridge university press}
}

@book{holyoak1996mental,
  title={Mental leaps: Analogy in creative thought},
  author={Holyoak, Keith J and Thagard, Paul},
  year={1996},
  publisher={MIT press}
}

@article{holyoak1984analogical,
  title={Analogical thinking and human intelligence},
  author={Holyoak, Keith J},
  journal={Advances in the psychology of human intelligence},
  volume={2},
  pages={199--230}
}

@article{thagard_1984, title={Conceptual Combination and Scientific Discovery}, volume={1984}, number={1}, journal={PSA: Proceedings of the Biennial Meeting of the Philosophy of Science Association}, publisher={Cambridge University Press}, author={Thagard, Paul}, year={1984}, pages={2–12}}

@article{hesse1965models,
  title={Models and analogies in science},
  author={Hesse, Mary},
  journal={British Journal for the Philosophy of Science},
  volume={16},
  number={62},
  year={1965}
}

@article{gentner1993shift,
  title={The shift from metaphor to analogy in Western science},
  author={Gentner, Dedre and Jeziorski, Michael},
  journal={Metaphor and thought},
  volume={447},
  year={1993},
  publisher={Cambridge University Press Cambridge}
}

@incollection{gentner2002analogy,
  title={Analogy in scientific discovery: The case of Johannes Kepler},
  author={Gentner, Dedre},
  booktitle={Model-based reasoning},
  pages={21--39},
  year={2002},
  publisher={Springer}
}

@article{mitchell2021abstraction,
  title={Abstraction and analogy-making in artificial intelligence},
  author={Mitchell, Melanie},
  journal={Annals of the New York Academy of Sciences},
  volume={1505},
  number={1},
  pages={79--101},
  year={2021},
  publisher={Wiley Online Library}
}

@book{hofstadter2013surfaces,
  title={Surfaces and essences: Analogy as the fuel and fire of thinking},
  author={Hofstadter, Douglas R and Sander, Emmanuel},
  year={2013},
  publisher={Basic books}
}

@article{kitano2021nobel,
  title={Nobel Turing Challenge: creating the engine for scientific discovery},
  author={Kitano, Hiroaki},
  journal={npj Systems Biology and Applications},
  volume={7},
  number={1},
  pages={1--12},
  year={2021},
  publisher={Nature Publishing Group}
}

@inproceedings{
hill2018learning,
title={Learning to Make Analogies by Contrasting Abstract Relational Structure},
author={Felix Hill and Adam Santoro and David Barrett and Ari Morcos and Timothy Lillicrap},
booktitle={International Conference on Learning Representations},
year={2019},
url={https://openreview.net/forum?id=SylLYsCcFm},
}

@INPROCEEDINGS{imagenet,  author={Deng, Jia and Dong, Wei and Socher, Richard and Li, Li-Jia and Kai Li and Li Fei-Fei},  booktitle={2009 IEEE Conference on Computer Vision and Pattern Recognition},   title={ImageNet: A large-scale hierarchical image database},   year={2009},  volume={},  number={},  pages={248-255},  doi={10.1109/CVPR.2009.5206848}}

@incollection{sankey2014,
  author      = {Howard Sankey},
  title       = {Scientific Method},
  editor      = {Curd, Martin and Psillos, Stathis and others},
  booktitle   = {The Routledge Companion to Philosophy of Science},
  publisher   = {Routledge London},
  year        = 2014,
  pages       = {248--258},
  chapter     = 23,
}

@book{hey2009fourth,
  title={The fourth paradigm: data-intensive scientific discovery},
  author={Hey, Anthony JG and Tansley, Stewart and Tolle, Kristin Michele and others},
  volume={1},
  year={2009},
  publisher={Microsoft research Redmond, WA}
}

@article{coley2020autonomous1,
  title={Autonomous discovery in the chemical sciences part I: Progress},
  author={Coley, Connor W and Eyke, Natalie S and Jensen, Klavs F},
  journal={Angewandte Chemie International Edition},
  volume={59},
  number={51},
  pages={22858--22893},
  year={2020},
  publisher={Wiley Online Library}
}

@article{coley2020autonomous2,
  title={Autonomous discovery in the chemical sciences part II: outlook},
  author={Coley, Connor W and Eyke, Natalie S and Jensen, Klavs F},
  journal={Angewandte Chemie International Edition},
  volume={59},
  number={52},
  pages={23414--23436},
  year={2020},
  publisher={Wiley Online Library}
}

@article{jumper2021highly,
  title={Highly accurate protein structure prediction with AlphaFold},
  author={Jumper, John and Evans, Richard and Pritzel, Alexander and Green, Tim and Figurnov, Michael and Ronneberger, Olaf and Tunyasuvunakool, Kathryn and Bates, Russ and {\v{Z}}{\'\i}dek, Augustin and Potapenko, Anna and others},
  journal={Nature},
  volume={596},
  number={7873},
  pages={583--589},
  year={2021},
  publisher={Nature Publishing Group}
}

@article{senior2020improved,
  title={Improved protein structure prediction using potentials from deep learning},
  author={Senior, Andrew W and Evans, Richard and Jumper, John and Kirkpatrick, James and Sifre, Laurent and Green, Tim and Qin, Chongli and {\v{Z}}{\'\i}dek, Augustin and Nelson, Alexander WR and Bridgland, Alex and others},
  journal={Nature},
  volume={577},
  number={7792},
  pages={706--710},
  year={2020},
  publisher={Nature Publishing Group}
}

@article{ramprasad2017machine,
  title={Machine learning in materials informatics: recent applications and prospects},
  author={Ramprasad, Rampi and Batra, Rohit and Pilania, Ghanshyam and Mannodi-Kanakkithodi, Arun and Kim, Chiho},
  journal={npj Computational Materials},
  volume={3},
  number={1},
  pages={1--13},
  year={2017},
  publisher={Nature Publishing Group}
}

@article{vamathevan2019applications,
  title={Applications of machine learning in drug discovery and development},
  author={Vamathevan, Jessica and Clark, Dominic and Czodrowski, Paul and Dunham, Ian and Ferran, Edgardo and Lee, George and Li, Bin and Madabhushi, Anant and Shah, Parantu and Spitzer, Michaela and others},
  journal={Nature reviews Drug discovery},
  volume={18},
  number={6},
  pages={463--477},
  year={2019},
  publisher={Nature Publishing Group}
}

@article{carleo2019machine,
  title={Machine learning and the physical sciences},
  author={Carleo, Giuseppe and Cirac, Ignacio and Cranmer, Kyle and Daudet, Laurent and Schuld, Maria and Tishby, Naftali and Vogt-Maranto, Leslie and Zdeborov{\'a}, Lenka},
  journal={Reviews of Modern Physics},
  volume={91},
  number={4},
  pages={045002},
  year={2019},
  publisher={APS}
}

@article{libbrecht2015machine,
  title={Machine learning applications in genetics and genomics},
  author={Libbrecht, Maxwell W and Noble, William Stafford},
  journal={Nature Reviews Genetics},
  volume={16},
  number={6},
  pages={321--332},
  year={2015},
  publisher={Nature Publishing Group}
}

@article{degrave2022magnetic,
  title={Magnetic control of tokamak plasmas through deep reinforcement learning},
  author={Degrave, Jonas and Felici, Federico and Buchli, Jonas and Neunert, Michael and Tracey, Brendan and Carpanese, Francesco and Ewalds, Timo and Hafner, Roland and Abdolmaleki, Abbas and de Las Casas, Diego and others},
  journal={Nature},
  volume={602},
  number={7897},
  pages={414--419},
  year={2022},
  publisher={Nature Publishing Group}
}

@article{lindsay1993dendral,
  title={DENDRAL: a case study of the first expert system for scientific hypothesis formation},
  author={Lindsay, Robert K and Buchanan, Bruce G and Feigenbaum, Edward A and Lederberg, Joshua},
  journal={Artificial intelligence},
  volume={61},
  number={2},
  pages={209--261},
  year={1993},
  publisher={Elsevier}
}

@book{langley1987scientific,
  title={Scientific discovery: Computational explorations of the creative processes},
  author={Langley, Pat and Simon, Herbert A and Bradshaw, Gary L and Zytkow, Jan M},
  year={1987},
  publisher={MIT press}
}

@article{king2004functional,
  title={Functional genomic hypothesis generation and experimentation by a robot scientist},
  author={King, Ross D and Whelan, Kenneth E and Jones, Ffion M and Reiser, Philip GK and Bryant, Christopher H and Muggleton, Stephen H and Kell, Douglas B and Oliver, Stephen G},
  journal={Nature},
  volume={427},
  number={6971},
  pages={247--252},
  year={2004},
  publisher={Nature Publishing Group}
}

@incollection{nickles2014,
  author      = {Thomas Nickles},
  title       = {Scientific Method},
  editor      = {Curd, Martin and Psillos, Stathis and others},
  booktitle   = {The Routledge Companion to Philosophy of Science},
  publisher   = {Routledge London},
  year        = 2014,
  pages       = {442--451},
  chapter     = 42,
}

@book{hanson1965patterns,
  title={Patterns of discovery: An inquiry into the conceptual foundations of science},
  author={Hanson, Norwood Russell},
  year={1965},
  publisher={CUP Archive}
}

@book{darden1991theory,
  title={Theory change in science: Strategies from Mendelian genetics},
  author={Darden, Lindley},
  year={1991},
  publisher={Oxford University Press on Demand}
}

@misc{bengio2022ml4sci,
  author = {Yoshua Bengio},
  title = {Machine Learning for Scientific Discovery},
  year = 2022,
  howpublished = {\url{https://www.youtube.com/watch?v=NwYxZygO1XM}},
  note = {Accessed: 2022-09-25}
}

@article{chaloner1995bayesian,
  title={Bayesian experimental design: A review},
  author={Chaloner, Kathryn and Verdinelli, Isabella},
  journal={Statistical Science},
  pages={273--304},
  year={1995},
  publisher={JSTOR}
}

@article{shahriari2015taking,
  title={Taking the human out of the loop: A review of Bayesian optimization},
  author={Shahriari, Bobak and Swersky, Kevin and Wang, Ziyu and Adams, Ryan P and De Freitas, Nando},
  journal={Proceedings of the IEEE},
  volume={104},
  number={1},
  pages={148--175},
  year={2015},
  publisher={IEEE}
}

@article{bengio2021flow,
  title={Flow network based generative models for non-iterative diverse candidate generation},
  author={Bengio, Emmanuel and Jain, Moksh and Korablyov, Maksym and Precup, Doina and Bengio, Yoshua},
  journal={Advances in Neural Information Processing Systems},
  volume={34},
  pages={27381--27394},
  year={2021}
}

@article{lavin2021simulation,
  title={Simulation intelligence: Towards a new generation of scientific methods},
  author={Lavin, Alexander and Zenil, Hector and Paige, Brooks and Krakauer, David and Gottschlich, Justin and Mattson, Tim and Anandkumar, Anima and Choudry, Sanjay and Rocki, Kamil and Baydin, At{\i}l{\i}m G{\"u}ne{\c{s}} and others},
  journal={arXiv preprint arXiv:2112.03235},
  year={2021}
}

@article{amin2021survey,
  title={A survey of exploration methods in reinforcement learning},
  author={Amin, Susan and Gomrokchi, Maziar and Satija, Harsh and van Hoof, Herke and Precup, Doina},
  journal={arXiv preprint arXiv:2109.00157},
  year={2021}
}

@article{swanson1986fish,
  title={Fish oil, Raynaud's syndrome, and undiscovered public knowledge},
  author={Swanson, Don R},
  journal={Perspectives in biology and medicine},
  volume={30},
  number={1},
  pages={7--18},
  year={1986},
  publisher={Johns Hopkins University Press}
}

@article{fortunato2018science,
  title={Science of science},
  author={Fortunato, Santo and Bergstrom, Carl T and B{\"o}rner, Katy and Evans, James A and Helbing, Dirk and Milojevi{\'c}, Sta{\v{s}}a and Petersen, Alexander M and Radicchi, Filippo and Sinatra, Roberta and Uzzi, Brian and others},
  journal={Science},
  volume={359},
  number={6379},
  pages={eaao0185},
  year={2018},
  publisher={American Association for the Advancement of Science}
}

@article{agarwal2009can,
  title={Can literature analysis identify innovation drivers in drug discovery?},
  author={Agarwal, Pankaj and Searls, David B},
  journal={Nature Reviews Drug Discovery},
  volume={8},
  number={11},
  pages={865--878},
  year={2009},
  publisher={Nature Publishing Group}
}

@article{donthu2021conduct,
  title={How to conduct a bibliometric analysis: An overview and guidelines},
  author={Donthu, Naveen and Kumar, Satish and Mukherjee, Debmalya and Pandey, Nitesh and Lim, Weng Marc},
  journal={Journal of Business Research},
  volume={133},
  pages={285--296},
  year={2021},
  publisher={Elsevier}
}

@inproceedings{lahav2022search,
  title={A search engine for discovery of scientific challenges and directions},
  author={Lahav, Dan and Falcon, Jon Saad and Kuehl, Bailey and Johnson, Sophie and Parasa, Sravanthi and Shomron, Noam and Chau, Duen Horng and Yang, Diyi and Horvitz, Eric and Weld, Daniel S and others},
  year={2022},
  organization={AAAI}
}

@article{kang2022augmenting,
  title={Augmenting scientific creativity with an analogical search engine},
  author={Kang, Hyeonsu B and Qian, Xin and Hope, Tom and Shahaf, Dafna and Chan, Joel and Kittur, Aniket},
  journal={ACM Transactions on Computer-Human Interaction},
  year={2022},
  publisher={ACM New York, NY}
}

@inproceedings{hope2017accelerating,
  title={Accelerating innovation through analogy mining},
  author={Hope, Tom and Chan, Joel and Kittur, Aniket and Shahaf, Dafna},
  booktitle={Proceedings of the 23rd ACM SIGKDD International Conference on Knowledge Discovery and Data Mining},
  pages={235--243},
  year={2017}
}

@article{chan2018solvent,
  title={Solvent: A mixed initiative system for finding analogies between research papers},
  author={Chan, Joel and Chang, Joseph Chee and Hope, Tom and Shahaf, Dafna and Kittur, Aniket},
  journal={Proceedings of the ACM on Human-Computer Interaction},
  volume={2},
  number={CSCW},
  pages={1--21},
  year={2018},
  publisher={ACM New York, NY, USA}
}

@article{hope2020scisight,
  title={SciSight: Combining faceted navigation and research group detection for COVID-19 exploratory scientific search},
  author={Hope, Tom and Portenoy, Jason and Vasan, Kishore and Borchardt, Jonathan and Horvitz, Eric and Weld, Daniel S and Hearst, Marti A and West, Jevin},
  journal={arXiv preprint arXiv:2005.12668},
  year={2020}
}

@article{shorten2021deep,
  title={Deep Learning applications for COVID-19},
  author={Shorten, Connor and Khoshgoftaar, Taghi M and Furht, Borko},
  journal={Journal of big Data},
  volume={8},
  number={1},
  pages={1--54},
  year={2021},
  publisher={Springer}
}

@article{wang2019paperrobot,
  title={Paperrobot: Incremental draft generation of scientific ideas},
  author={Wang, Qingyun and Huang, Lifu and Jiang, Zhiying and Knight, Kevin and Ji, Heng and Bansal, Mohit and Luan, Yi},
  journal={arXiv preprint arXiv:1905.07870},
  year={2019}
}

@article{carleo2017solving,
  title={Solving the quantum many-body problem with artificial neural networks},
  author={Carleo, Giuseppe and Troyer, Matthias},
  journal={Science},
  volume={355},
  number={6325},
  pages={602--606},
  year={2017},
  publisher={American Association for the Advancement of Science}
}

@article{podryabinkin2017active,
  title={Active learning of linearly parametrized interatomic potentials},
  author={Podryabinkin, Evgeny V and Shapeev, Alexander V},
  journal={Computational Materials Science},
  volume={140},
  pages={171--180},
  year={2017},
  publisher={Elsevier}
}

% 物理のプロセスに則って発見
@article{iten2020discovering,
  title={Discovering physical concepts with neural networks},
  author={Iten, Raban and Metger, Tony and Wilming, Henrik and Del Rio, L{\'\i}dia and Renner, Renato},
  journal={Physical review letters},
  volume={124},
  number={1},
  pages={010508},
  year={2020},
  publisher={APS}
}

@article{duede2022deep,
  title={Deep Learning Opacity in Scientific Discovery},
  author={Duede, Eamon},
  journal={arXiv preprint arXiv:2206.00520},
  year={2022}
}

@article{vervoort2021deep,
  title={Deep Learning Applied to Scientific Discovery: A Hot Interface with Philosophy of Science},
  author={Vervoort, Louis and Shevlin, Henry and Melnikov, Alexey and Alodjants, Alexander},
  year={2021}
}

@article{udrescu2020ai,
  title={AI Feynman: A physics-inspired method for symbolic regression},
  author={Udrescu, Silviu-Marian and Tegmark, Max},
  journal={Science Advances},
  volume={6},
  number={16},
  pages={eaay2631},
  year={2020},
  publisher={American Association for the Advancement of Science}
}

@article{wu2019toward,
  title={Toward an artificial intelligence physicist for unsupervised learning},
  author={Wu, Tailin and Tegmark, Max},
  journal={Physical Review E},
  volume={100},
  number={3},
  pages={033311},
  year={2019},
  publisher={APS}
}

@article{vaswani2017attention,
  title={Attention is all you need},
  author={Vaswani, Ashish and Shazeer, Noam and Parmar, Niki and Uszkoreit, Jakob and Jones, Llion and Gomez, Aidan N and Kaiser, {\L}ukasz and Polosukhin, Illia},
  journal={Advances in neural information processing systems},
  volume={30},
  year={2017}
}

@article{bommasani2021opportunities,
  title={On the opportunities and risks of foundation models},
  author={Bommasani, Rishi and Hudson, Drew A and Adeli, Ehsan and Altman, Russ and Arora, Simran and von Arx, Sydney and Bernstein, Michael S and Bohg, Jeannette and Bosselut, Antoine and Brunskill, Emma and others},
  journal={arXiv preprint arXiv:2108.07258},
  year={2021}
}

@article{brown2020language,
  title={Language models are few-shot learners},
  author={Brown, Tom and Mann, Benjamin and Ryder, Nick and Subbiah, Melanie and Kaplan, Jared D and Dhariwal, Prafulla and Neelakantan, Arvind and Shyam, Pranav and Sastry, Girish and Askell, Amanda and others},
  journal={Advances in neural information processing systems},
  volume={33},
  pages={1877--1901},
  year={2020}
}

@book{polya1954mathematics,
  title={Mathematics and plausible reasoning, Volume 1: Induction and analogy in mathematics},
  author={Polya, George},
  year={1954},
  publisher={Princeton University Press}
}

@article{gentner1983structure,
  title={Structure-mapping: A theoretical framework for analogy},
  author={Gentner, Dedre},
  journal={Cognitive science},
  volume={7},
  number={2},
  pages={155--170},
  year={1983},
  publisher={Elsevier}
}

@article{geirhos2020shortcut,
  title={Shortcut learning in deep neural networks},
  author={Geirhos, Robert and Jacobsen, J{\"o}rn-Henrik and Michaelis, Claudio and Zemel, Richard and Brendel, Wieland and Bethge, Matthias and Wichmann, Felix A},
  journal={Nature Machine Intelligence},
  volume={2},
  number={11},
  pages={665--673},
  year={2020},
  publisher={Nature Publishing Group}
}

@phdthesis{arjovsky2020out,
  title={Out of distribution generalization in machine learning},
  author={Arjovsky, Martin},
  year={2020},
  school={New York University}
}

@article{shen2021towards,
  title={Towards out-of-distribution generalization: A survey},
  author={Shen, Zheyan and Liu, Jiashuo and He, Yue and Zhang, Xingxuan and Xu, Renzhe and Yu, Han and Cui, Peng},
  journal={arXiv preprint arXiv:2108.13624},
  year={2021}
}

@article{chakraborty2018adversarial,
  title={Adversarial attacks and defences: A survey},
  author={Chakraborty, Anirban and Alam, Manaar and Dey, Vishal and Chattopadhyay, Anupam and Mukhopadhyay, Debdeep},
  journal={arXiv preprint arXiv:1810.00069},
  year={2018}
}

@article{feldman2016simplicity,
  title={The simplicity principle in perception and cognition},
  author={Feldman, Jacob},
  journal={Wiley Interdisciplinary Reviews: Cognitive Science},
  volume={7},
  number={5},
  pages={330--340},
  year={2016},
  publisher={Wiley Online Library}
}

@inproceedings{zhang2019raven,
  title={Raven: A dataset for relational and analogical visual reasoning},
  author={Zhang, Chi and Gao, Feng and Jia, Baoxiong and Zhu, Yixin and Zhu, Song-Chun},
  booktitle={Proceedings of the IEEE/CVF Conference on Computer Vision and Pattern Recognition},
  pages={5317--5327},
  year={2019}
}

@article{sadeghi2015visalogy,
  title={Visalogy: Answering visual analogy questions},
  author={Sadeghi, Fereshteh and Zitnick, C Lawrence and Farhadi, Ali},
  journal={Advances in Neural Information Processing Systems},
  volume={28},
  year={2015}
}

@article{ichien2020verbal,
  title={Verbal analogy problem sets: An inventory of testing materials},
  author={Ichien, Nicholas and Lu, Hongjing and Holyoak, Keith J},
  journal={Behavior research methods},
  volume={52},
  number={5},
  pages={1803--1816},
  year={2020},
  publisher={Springer}
}

@article{kim2020few,
  title={Few-shot visual reasoning with meta-analogical contrastive learning},
  author={Kim, Youngsung and Shin, Jinwoo and Yang, Eunho and Hwang, Sung Ju},
  journal={Advances in Neural Information Processing Systems},
  volume={33},
  pages={16846--16856},
  year={2020}
}

@article{reed2015deep,
  title={Deep visual analogy-making},
  author={Reed, Scott E and Zhang, Yi and Zhang, Yuting and Lee, Honglak},
  journal={Advances in neural information processing systems},
  volume={28},
  year={2015}
}

@article{van2019disentangled,
  title={Are disentangled representations helpful for abstract visual reasoning?},
  author={Van Steenkiste, Sjoerd and Locatello, Francesco and Schmidhuber, J{\"u}rgen and Bachem, Olivier},
  journal={Advances in Neural Information Processing Systems},
  volume={32},
  year={2019}
}

@inproceedings{barrett2018measuring,
  title={Measuring abstract reasoning in neural networks},
  author={Barrett, David and Hill, Felix and Santoro, Adam and Morcos, Ari and Lillicrap, Timothy},
  booktitle={International conference on machine learning},
  pages={511--520},
  year={2018},
  organization={PMLR}
}

@article{santoro2017simple,
  title={A simple neural network module for relational reasoning},
  author={Santoro, Adam and Raposo, David and Barrett, David G and Malinowski, Mateusz and Pascanu, Razvan and Battaglia, Peter and Lillicrap, Timothy},
  journal={Advances in neural information processing systems},
  volume={30},
  year={2017}
}

@article{steenbrugge2018improving,
  title={Improving generalization for abstract reasoning tasks using disentangled feature representations},
  author={Steenbrugge, Xander and Leroux, Sam and Verbelen, Tim and Dhoedt, Bart},
  journal={arXiv preprint arXiv:1811.04784},
  year={2018}
}

@article{zheng2019abstract,
  title={Abstract reasoning with distracting features},
  author={Zheng, Kecheng and Zha, Zheng-Jun and Wei, Wei},
  journal={Advances in Neural Information Processing Systems},
  volume={32},
  year={2019}
}

@article{ushio2021bert,
  title={BERT is to NLP what AlexNet is to CV: can pre-trained language models identify analogies?},
  author={Ushio, Asahi and Espinosa-Anke, Luis and Schockaert, Steven and Camacho-Collados, Jose},
  journal={arXiv preprint arXiv:2105.04949},
  year={2021}
}

@article{wang2018glue,
  title={GLUE: A multi-task benchmark and analysis platform for natural language understanding},
  author={Wang, Alex and Singh, Amanpreet and Michael, Julian and Hill, Felix and Levy, Omer and Bowman, Samuel R},
  journal={arXiv preprint arXiv:1804.07461},
  year={2018}
}

@article{dunbar1997scientists,
  title={How scientists think: On-line creativity and conceptual change in science.},
  author={Dunbar, Kevin},
  year={1997},
  publisher={American Psychological Association}
}

@article{savov2020identifying,
  title={Identifying breakthrough scientific papers},
  author={Savov, Pavel and Jatowt, Adam and Nielek, Radoslaw},
  journal={Information Processing \& Management},
  volume={57},
  number={2},
  pages={102168},
  year={2020},
  publisher={Elsevier}
}

@inproceedings{gil2017towards,
  title={Towards continuous scientific data analysis and hypothesis evolution},
  author={Gil, Yolanda and Garijo, Daniel and Ratnakar, Varun and Mayani, Rajiv and Adusumilli, Ravali and Boyce, Hunter and Srivastava, Arunima and Mallick, Parag},
  booktitle={Thirty-First AAAI Conference on Artificial Intelligence},
  year={2017}
}

@article{foster2017open,
  title={Open science framework (OSF)},
  author={Foster, Erin D and Deardorff, Ariel},
  journal={Journal of the Medical Library Association: JMLA},
  volume={105},
  number={2},
  pages={203},
  year={2017},
  publisher={Medical Library Association}
}

@article{chollet2019measure,
  title={On the measure of intelligence},
  author={Chollet, Fran{\c{c}}ois},
  journal={arXiv preprint arXiv:1911.01547},
  year={2019}
}

@inproceedings{wang2015automatic,
  title={Automatic generation of raven’s progressive matrices},
  author={Wang, Ke and Su, Zhendong},
  booktitle={Twenty-fourth international joint conference on artificial intelligence},
  year={2015}
}

@inproceedings{hu2021stratified,
  title={Stratified rule-aware network for abstract visual reasoning},
  author={Hu, Sheng and Ma, Yuqing and Liu, Xianglong and Wei, Yanlu and Bai, Shihao},
  booktitle={Proceedings of the AAAI Conference on Artificial Intelligence},
  volume={35},
  number={2},
  pages={1567--1574},
  year={2021}
}

@book{precup2000temporal,
  title={Temporal abstraction in reinforcement learning},
  author={Precup, Doina},
  year={2000},
  publisher={University of Massachusetts Amherst}
}

@inproceedings{bacon2017option,
  title={The option-critic architecture},
  author={Bacon, Pierre-Luc and Harb, Jean and Precup, Doina},
  booktitle={Proceedings of the AAAI Conference on Artificial Intelligence},
  volume={31},
  number={1},
  year={2017}
}

@article{nasiriany2019planning,
  title={Planning with goal-conditioned policies},
  author={Nasiriany, Soroush and Pong, Vitchyr and Lin, Steven and Levine, Sergey},
  journal={Advances in Neural Information Processing Systems},
  volume={32},
  year={2019}
}

@incollection{wang2021,
  author      = {Dashun Wang and Albert-La´szlo´ Baraba´si},
  title       = {The Science of Impact},
  editor      = {Dashun Wang and Albert-La´szlo´ Baraba´si},
  booktitle   = {The Science of Science},
  publisher   = {Cambridge University Press},
  year        = 2021,
  pages       = {1--63},
  chapter     = 23,
}

@article{mcclelland2020placing,
  title={Placing language in an integrated understanding system: Next steps toward human-level performance in neural language models},
  author={McClelland, James L and Hill, Felix and Rudolph, Maja and Baldridge, Jason and Sch{\"u}tze, Hinrich},
  journal={Proceedings of the National Academy of Sciences},
  volume={117},
  number={42},
  pages={25966--25974},
  year={2020},
  publisher={National Acad Sciences}
}

@article{ruis2020benchmark,
  title={A benchmark for systematic generalization in grounded language understanding},
  author={Ruis, Laura and Andreas, Jacob and Baroni, Marco and Bouchacourt, Diane and Lake, Brenden M},
  journal={Advances in neural information processing systems},
  volume={33},
  pages={19861--19872},
  year={2020}
}

@article{chevalier2018babyai,
  title={Babyai: A platform to study the sample efficiency of grounded language learning},
  author={Chevalier-Boisvert, Maxime and Bahdanau, Dzmitry and Lahlou, Salem and Willems, Lucas and Saharia, Chitwan and Nguyen, Thien Huu and Bengio, Yoshua},
  journal={arXiv preprint arXiv:1810.08272},
  year={2018}
}

@article{colas2022autotelic,
  title={Autotelic agents with intrinsically motivated goal-conditioned reinforcement learning: a short survey},
  author={Colas, C{\'e}dric and Karch, Tristan and Sigaud, Olivier and Oudeyer, Pierre-Yves},
  journal={Journal of Artificial Intelligence Research},
  volume={74},
  pages={1159--1199},
  year={2022}
}

@article{lake2021word,
  title={Word meaning in minds and machines.},
  author={Lake, Brenden M and Murphy, Gregory L},
  journal={Psychological review},
  year={2021},
  publisher={American Psychological Association}
}

@article{ramesh2022hierarchical,
  title={Hierarchical text-conditional image generation with clip latents},
  author={Ramesh, Aditya and Dhariwal, Prafulla and Nichol, Alex and Chu, Casey and Chen, Mark},
  journal={arXiv preprint arXiv:2204.06125},
  year={2022}
}

@article{saharia2022photorealistic,
  title={Photorealistic Text-to-Image Diffusion Models with Deep Language Understanding},
  author={Saharia, Chitwan and Chan, William and Saxena, Saurabh and Li, Lala and Whang, Jay and Denton, Emily and Ghasemipour, Seyed Kamyar Seyed and Ayan, Burcu Karagol and Mahdavi, S Sara and Lopes, Rapha Gontijo and others},
  journal={arXiv preprint arXiv:2205.11487},
  year={2022}
}

@inproceedings{sap2020commonsense,
  title={Commonsense reasoning for natural language processing},
  author={Sap, Maarten and Shwartz, Vered and Bosselut, Antoine and Choi, Yejin and Roth, Dan},
  booktitle={Proceedings of the 58th Annual Meeting of the Association for Computational Linguistics: Tutorial Abstracts},
  pages={27--33},
  year={2020}
}

@article{fodor1988connectionism,
  title={Connectionism and cognitive architecture: A critical analysis},
  author={Fodor, Jerry A and Pylyshyn, Zenon W},
  journal={Cognition},
  volume={28},
  number={1-2},
  pages={3--71},
  year={1988},
  publisher={Elsevier}
}

@article{guo2020hierarchical,
  title={Hierarchical poset decoding for compositional generalization in language},
  author={Guo, Yinuo and Lin, Zeqi and Lou, Jian-Guang and Zhang, Dongmei},
  journal={Advances in Neural Information Processing Systems},
  volume={33},
  pages={6913--6924},
  year={2020}
}

@inproceedings{guo2021revisiting,
  title={Revisiting iterative back-translation from the perspective of compositional generalization},
  author={Guo, Yinuo and Zhu, Hualei and Lin, Zeqi and Chen, Bei and Lou, Jian-Guang and Zhang, Dongmei},
  booktitle={Proceedings of the AAAI Conference on Artificial Intelligence},
  pages={7601--7609},
  year={2021}
}

@inproceedings{gai-etal-2021-grounded-graph,
    title = "Grounded Graph Decoding improves Compositional Generalization in Question Answering",
    author = "Gai, Yu  and
      Jain, Paras  and
      Zhang, Wendi  and
      Gonzalez, Joseph  and
      Song, Dawn  and
      Stoica, Ion",
    booktitle = "Findings of the Association for Computational Linguistics: EMNLP 2021",
    month = nov,
    year = "2021",
    address = "Punta Cana, Dominican Republic",
    publisher = "Association for Computational Linguistics",
    url = "https://aclanthology.org/2021.findings-emnlp.157",
    doi = "10.18653/v1/2021.findings-emnlp.157",
    pages = "1829--1838",
}

@article{herzig2021unlocking,
  title={Unlocking compositional generalization in pre-trained models using intermediate representations},
  author={Herzig, Jonathan and Shaw, Peter and Chang, Ming-Wei and Guu, Kelvin and Pasupat, Panupong and Zhang, Yuan},
  journal={arXiv preprint arXiv:2104.07478},
  year={2021}
}

@inproceedings{csordas-etal-2021-devil,
    title = "The Devil is in the Detail: Simple Tricks Improve Systematic Generalization of Transformers",
    author = "Csord{\'a}s, R{\'o}bert  and
      Irie, Kazuki  and
      Schmidhuber, Juergen",
    booktitle = "Proceedings of the 2021 Conference on Empirical Methods in Natural Language Processing",
    month = nov,
    year = "2021",
    address = "Online and Punta Cana, Dominican Republic",
    publisher = "Association for Computational Linguistics",
    url = "https://aclanthology.org/2021.emnlp-main.49",
    doi = "10.18653/v1/2021.emnlp-main.49",
    pages = "619--634",
}

@inproceedings{ontanon-etal-2022-making,
    title = "Making Transformers Solve Compositional Tasks",
    author = "Ontanon, Santiago  and
      Ainslie, Joshua  and
      Fisher, Zachary  and
      Cvicek, Vaclav",
    booktitle = "Proceedings of the 60th Annual Meeting of the Association for Computational Linguistics (Volume 1: Long Papers)",
    month = may,
    year = "2022",
    address = "Dublin, Ireland",
    publisher = "Association for Computational Linguistics",
    url = "https://aclanthology.org/2022.acl-long.251",
    doi = "10.18653/v1/2022.acl-long.251",
    pages = "3591--3607",
}

@article{furrer2020compositional,
  title={Compositional generalization in semantic parsing: Pre-training vs. specialized architectures},
  author={Furrer, Daniel and van Zee, Marc and Scales, Nathan and Sch{\"a}rli, Nathanael},
  journal={arXiv preprint arXiv:2007.08970},
  year={2020}
}

@inproceedings{zheng-lapata-2022-disentangled,
    title = "Disentangled Sequence to Sequence Learning for Compositional Generalization",
    author = "Zheng, Hao  and
      Lapata, Mirella",
    booktitle = "Proceedings of the 60th Annual Meeting of the Association for Computational Linguistics (Volume 1: Long Papers)",
    month = may,
    year = "2022",
    address = "Dublin, Ireland",
    publisher = "Association for Computational Linguistics",
    url = "https://aclanthology.org/2022.acl-long.293",
    doi = "10.18653/v1/2022.acl-long.293",
    pages = "4256--4268",
}

@inproceedings{das-etal-2021-case,
    title = "Case-based Reasoning for Natural Language Queries over Knowledge Bases",
    author = "Das, Rajarshi  and
      Zaheer, Manzil  and
      Thai, Dung  and
      Godbole, Ameya  and
      Perez, Ethan  and
      Lee, Jay Yoon  and
      Tan, Lizhen  and
      Polymenakos, Lazaros  and
      McCallum, Andrew",
    booktitle = "Proceedings of the 2021 Conference on Empirical Methods in Natural Language Processing",
    month = nov,
    year = "2021",
    address = "Online and Punta Cana, Dominican Republic",
    publisher = "Association for Computational Linguistics",
    url = "https://aclanthology.org/2021.emnlp-main.755",
    doi = "10.18653/v1/2021.emnlp-main.755",
    pages = "9594--9611",
}

@inproceedings{liu-etal-2021-learning-algebraic,
    title = "Learning Algebraic Recombination for Compositional Generalization",
    author = "Liu, Chenyao  and
      An, Shengnan  and
      Lin, Zeqi  and
      Liu, Qian  and
      Chen, Bei  and
      Lou, Jian-Guang  and
      Wen, Lijie  and
      Zheng, Nanning  and
      Zhang, Dongmei",
    booktitle = "Findings of the Association for Computational Linguistics: ACL-IJCNLP 2021",
    month = aug,
    year = "2021",
    address = "Online",
    publisher = "Association for Computational Linguistics",
    url = "https://aclanthology.org/2021.findings-acl.97",
    doi = "10.18653/v1/2021.findings-acl.97",
    pages = "1129--1144",
}

@inproceedings{kaelbling1993learning,
  title={Learning to achieve goals},
  author={Kaelbling, Leslie Pack},
  booktitle={IJCAI},
  volume={2},
  pages={1094--8},
  year={1993},
  organization={Citeseer}
}

@article{liu2022goal,
  title={Goal-conditioned reinforcement learning: Problems and solutions},
  author={Liu, Minghuan and Zhu, Menghui and Zhang, Weinan},
  journal={arXiv preprint arXiv:2201.08299},
  year={2022}
}

@inproceedings{schaul2015universal,
  title={Universal value function approximators},
  author={Schaul, Tom and Horgan, Daniel and Gregor, Karol and Silver, David},
  booktitle={International conference on machine learning},
  pages={1312--1320},
  year={2015},
  organization={PMLR}
}

@article{sutton1999between,
  title={Between MDPs and semi-MDPs: A framework for temporal abstraction in reinforcement learning},
  author={Sutton, Richard S and Precup, Doina and Singh, Satinder},
  journal={Artificial intelligence},
  volume={112},
  number={1-2},
  pages={181--211},
  year={1999},
  publisher={Elsevier}
}

@article{dayan1992feudal,
  title={Feudal reinforcement learning},
  author={Dayan, Peter and Hinton, Geoffrey E},
  journal={Advances in neural information processing systems},
  volume={5},
  year={1992}
}

@article{schmidhuber1991neural,
  title={Neural sequence chunkers},
  author={Schmidhuber, J{\"u}rgen},
  year={1991},
  publisher={Citeseer}
}

@inproceedings{vezhnevets2017feudal,
  title={Feudal networks for hierarchical reinforcement learning},
  author={Vezhnevets, Alexander Sasha and Osindero, Simon and Schaul, Tom and Heess, Nicolas and Jaderberg, Max and Silver, David and Kavukcuoglu, Koray},
  booktitle={International Conference on Machine Learning},
  pages={3540--3549},
  year={2017},
  organization={PMLR}
}

@inproceedings{chane2021goal,
  title={Goal-conditioned reinforcement learning with imagined subgoals},
  author={Chane-Sane, Elliot and Schmid, Cordelia and Laptev, Ivan},
  booktitle={International Conference on Machine Learning},
  pages={1430--1440},
  year={2021},
  organization={PMLR}
}

@inproceedings{szegedy2020promising,
  title={A promising path towards autoformalization and general artificial intelligence},
  author={Szegedy, Christian},
  booktitle={International Conference on Intelligent Computer Mathematics},
  pages={3--20},
  year={2020},
  organization={Springer}
}